<?xml version="1.0" encoding="UTF-8"?><record xmlns="http://www.loc.gov/MARC21/slim" xmlns:cinclude="http://apache.org/cocoon/include/1.0" xmlns:zs="http://www.loc.gov/zing/srw/">
  <leader>00548nz  a2200133n  4500</leader>
  <controlfield tag="001">no2001023282</controlfield>
  <controlfield tag="003">DLC</controlfield>
  <controlfield tag="005">20010324071209.0</controlfield>
  <controlfield tag="008">010323n| acannaab           |n ana     c</controlfield>
  <datafield tag="010" ind1=" " ind2=" ">
    <subfield code="a">no2001023282</subfield>
  </datafield>
  <datafield tag="035" ind1=" " ind2=" ">
    <subfield code="a">(OCoLC)oca05446366</subfield>
  </datafield>
  <datafield tag="040" ind1=" " ind2=" ">
    <subfield code="a">TxU-Mu</subfield>
    <subfield code="b">eng</subfield>
    <subfield code="c">TxU-Mu</subfield>
  </datafield>
  <datafield tag="110" ind1="2" ind2=" ">
    <subfield code="a">Sri Chinmoy Bhajan Singers</subfield>
  </datafield>
  <datafield tag="670" ind1=" " ind2=" ">
    <subfield code="a">Chinmoy, S. Bhajan mandala [SR] 1996:</subfield>
    <subfield code="b">insert (Sri Chinmoy Bhajan Singers; an international group of women singers and musicians from North America, Europe, Australia and Japan who perform bhajans composed by spiritual teacher Sri Chinmoy)</subfield>
  </datafield>
</record>